<record><leader>00000cas a22000007a 4500</leader><controlfield tag="001">20292299</controlfield><controlfield tag="008">890901d19391942nduwr ne      0    0eng d</controlfield><datafield ind1=" " ind2=" " tag="010"><subfield code="a">sn 89074263 </subfield></datafield><datafield ind1=" " ind2=" " tag="040"><subfield code="a">NOP</subfield><subfield code="b">eng</subfield><subfield code="c">NOP</subfield><subfield code="d">OCLCQ</subfield></datafield><datafield ind1=" " ind2=" " tag="042"><subfield code="a">msc</subfield></datafield><datafield ind1="0" ind2=" " tag="130"><subfield code="a">Fingal herald (Fingal, N.D. : 1939)</subfield></datafield><datafield ind1="1" ind2="4" tag="245"><subfield code="a">The Fingal herald.</subfield></datafield><datafield ind1=" " ind2=" " tag="260"><subfield code="a">Fingal, N.D. :</subfield><subfield code="b">L.J. Morth</subfield></datafield><datafield ind1=" " ind2=" " tag="300"><subfield code="a">3 v. :</subfield><subfield code="b">ill. ;</subfield><subfield code="c">57 cm.</subfield></datafield><datafield ind1=" " ind2=" " tag="310"><subfield code="a">Weekly</subfield></datafield><datafield ind1="0" ind2=" " tag="362"><subfield code="a">Vol. 42, no. 19 (Oct. 26, 1939)-v. 45, no. 2 (June 25, 1942).</subfield></datafield><datafield ind1=" " ind2=" " tag="530"><subfield code="a">Available on microfilm from the State Historical Society of North Dakota.</subfield></datafield><datafield ind1=" " ind2=" " tag="752"><subfield code="a">United States</subfield><subfield code="b">North Dakota</subfield><subfield code="c">Barnes</subfield><subfield code="d">Fingal.</subfield></datafield><datafield ind1="0" ind2="0" tag="780"><subfield code="t">Fingal herald and the Nome informer</subfield><subfield code="w">(DLC)sn 89074262</subfield></datafield></record>